<?xml version="1.0" encoding="UTF-8"?>
<marc:collection xmlns:marc="http://www.loc.gov/MARC21/slim" xmlns:xsi="http://www.w3.org/2001/XMLSchema-instance" xsi:schemaLocation="http://www.loc.gov/MARC21/slim http://www.loc.gov/standards/marcxml/schema/MARC21slim.xsd">
   <marc:record type="Bibliographic">
      <marc:leader>01248cam a2200349 a 4500</marc:leader>
      <marc:controlfield tag="001">2701930</marc:controlfield>
      <marc:controlfield tag="003">NjP</marc:controlfield>
      <marc:controlfield tag="005">20130508162147.0</marc:controlfield>
      <marc:controlfield tag="008">000121q19301939mr            000 0 ara d</marc:controlfield>
      <marc:datafield tag="024" ind1="7" ind2=" ">
         <marc:subfield code="a">princeton_aco000670</marc:subfield>
         <marc:subfield code="2">local</marc:subfield>
      </marc:datafield>
      <marc:datafield tag="035" ind1=" " ind2=" ">
         <marc:subfield code="a">(OCoLC)ocn178305535</marc:subfield>
      </marc:datafield>
      <marc:datafield tag="040" ind1=" " ind2=" ">
         <marc:subfield code="a">NjP</marc:subfield>
         <marc:subfield code="c">PUL</marc:subfield>
         <marc:subfield code="d">PUL</marc:subfield>
      </marc:datafield>
      <marc:datafield tag="035" ind1=" " ind2=" ">
         <marc:subfield code="a">(OCoLC)178305535</marc:subfield>
      </marc:datafield>
      <marc:datafield tag="035" ind1=" " ind2=" ">
         <marc:subfield code="9">CMW5255TS</marc:subfield>
      </marc:datafield>
      <marc:datafield tag="035" ind1=" " ind2=" ">
         <marc:subfield code="a">(NjP)2701930</marc:subfield>
      </marc:datafield>
      <marc:datafield tag="079" ind1=" " ind2=" ">
         <marc:subfield code="a">ocm81804737</marc:subfield>
      </marc:datafield>
      <marc:datafield tag="049" ind1=" " ind2=" ">
         <marc:subfield code="a">PULL</marc:subfield>
      </marc:datafield>
      <marc:datafield tag="100" ind1="1" ind2=" ">
         <marc:subfield code="6">880-01</marc:subfield>
         <marc:subfield code="a">ʻAlamī, Maḥammad bin Muḥammad,</marc:subfield>
         <marc:subfield code="d">1875 or 1876-1953 or 1954.</marc:subfield>
      </marc:datafield>
      <marc:datafield tag="245" ind1="1" ind2="0">
         <marc:subfield code="6">880-02</marc:subfield>
         <marc:subfield code="a">Mirqāt al-ḥisāb fī ʻamal al-tawqīt bi-al-ansāb /</marc:subfield>
         <marc:subfield code="c">lil-sharīf Maḥammad bin Muḥammad al-ʻAlamī.</marc:subfield>
      </marc:datafield>
      <marc:datafield tag="250" ind1=" " ind2=" ">
         <marc:subfield code="6">880-03</marc:subfield>
         <marc:subfield code="a">al-Ṭabʻah 2.</marc:subfield>
      </marc:datafield>
      <marc:datafield tag="260" ind1=" " ind2=" ">
         <marc:subfield code="a">[Morocco?] :</marc:subfield>
         <marc:subfield code="b">M.b.M. al-ʻAlamī,</marc:subfield>
         <marc:subfield code="c">[193-?]</marc:subfield>
      </marc:datafield>
      <marc:datafield tag="300" ind1=" " ind2=" ">
         <marc:subfield code="a">8, 8, 8, 6 p. ;</marc:subfield>
         <marc:subfield code="c">24 cm.</marc:subfield>
      </marc:datafield>
      <marc:datafield tag="500" ind1=" " ind2=" ">
         <marc:subfield code="a">Cover title.</marc:subfield>
      </marc:datafield>
      <marc:datafield tag="650" ind1=" " ind2="0">
         <marc:subfield code="a">Islam</marc:subfield>
         <marc:subfield code="x">History.</marc:subfield>
      </marc:datafield>
      <marc:datafield tag="650" ind1=" " ind2="0">
         <marc:subfield code="a">Chronology, Islamic.</marc:subfield>
      </marc:datafield>
      <marc:datafield tag="655" ind1=" " ind2="7">
         <marc:subfield code="a">Lithographs</marc:subfield>
         <marc:subfield code="z">Morocco</marc:subfield>
         <marc:subfield code="2">gmgpc</marc:subfield>
      </marc:datafield>
      <marc:datafield tag="880" ind1="1" ind2=" ">
         <marc:subfield code="6">100-01/r</marc:subfield>
         <marc:subfield code="a">علمي، محمد بن محمد،</marc:subfield>
         <marc:subfield code="d">1875 or 1876-1953 or 1954.</marc:subfield>
      </marc:datafield>
      <marc:datafield tag="880" ind1="1" ind2="0">
         <marc:subfield code="6">245-02/r</marc:subfield>
         <marc:subfield code="a">مرقات الحساب في عمل التوقيت بالانساب /</marc:subfield>
         <marc:subfield code="c">للشريف محمد بن محمد العلمي.</marc:subfield>
      </marc:datafield>
      <marc:datafield tag="880" ind1=" " ind2=" ">
         <marc:subfield code="6">250-03/r</marc:subfield>
         <marc:subfield code="a">الطبعة 2.</marc:subfield>
      </marc:datafield>
      <marc:datafield tag="948" ind1=" " ind2=" ">
         <marc:subfield code="a">jeb</marc:subfield>
      </marc:datafield>
      <marc:datafield tag="911" ind1=" " ind2=" ">
         <marc:subfield code="a">20000121</marc:subfield>
      </marc:datafield>
      <marc:datafield tag="912" ind1=" " ind2=" ">
         <marc:subfield code="a">20000121041123.0</marc:subfield>
      </marc:datafield>
      <marc:datafield tag="994" ind1=" " ind2=" ">
         <marc:subfield code="a">C0</marc:subfield>
         <marc:subfield code="b">PUL</marc:subfield>
      </marc:datafield>
      <marc:datafield tag="999" ind1=" " ind2=" ">
         <marc:subfield code="a">2701930</marc:subfield>
      </marc:datafield>
   </marc:record>
</marc:collection>
